%# -*- coding: utf-8-unix -*-

@inproceedings{Defining-Privacy-for-Data,
  title={Defining privacy for data mining},
  author={Clifton, Chris and Kantarcioglu, Murat and Vaidya, Jaideep},
  booktitle={National Science Foundation Workshop on Next Generation Data Mining},
  volume={1},
  number={26},
  pages={1},
  year={2002},
  organization={Citeseer}
}
@article{l-diversity,
  title={l-diversity: Privacy beyond k-anonymity},
  author={Machanavajjhala, Ashwin and Kifer, Daniel and Gehrke, Johannes and Venkitasubramaniam, Muthuramakrishnan},
  journal={ACM Transactions on Knowledge Discovery from Data (TKDD)},
  volume={1},
  number={1},
  pages={3},
  year={2007},
  publisher={ACM}
}

@article{dp-summary,
  title={面向数据库应用的隐私保护研究综述},
  author={周水庚 and 李丰 and 陶宇飞 and 肖小奎},
  journal={计算机学报},
  volume={32},
  number={5},
  pages={847--861},
  year={2009}
}

@inproceedings{m-Invariance,
  title={M-invariance: towards privacy preserving re-publication of dynamic datasets},
  author={Xiao, Xiaokui and Tao, Yufei},
  booktitle={Proceedings of the 2007 ACM SIGMOD international conference on Management of data},
  pages={689--700},
  year={2007},
  organization={ACM}
}

@inproceedings{clustering,
  title={Privacy-preserving k-means clustering over vertically partitioned data},
  author={Vaidya, Jaideep and Clifton, Chris},
  booktitle={Proceedings of the ninth ACM SIGKDD international conference on Knowledge discovery and data mining},
  pages={206--215},
  year={2003},
  organization={ACM}
}

@inproceedings{multidimensional-k-anonymity,
  title={Mondrian multidimensional k-anonymity},
  author={LeFevre, Kristen and DeWitt, David J and Ramakrishnan, Raghu},
  booktitle={Data Engineering, 2006. ICDE'06. Proceedings of the 22nd International Conference on},
  pages={25--25},
  year={2006},
  organization={IEEE}
}

@inproceedings{closeness,
  title={t-closeness: Privacy beyond k-anonymity and l-diversity},
  author={Li, Ninghui and Li, Tiancheng and Venkatasubramanian, Suresh},
  booktitle={Data Engineering, 2007. ICDE 2007. IEEE 23rd International Conference on},
  pages={106--115},
  year={2007},
  organization={IEEE}
}

@article{Distributed-Privacy,
  title={Distributed privacy-preserving aggregation of metering data in smart grids},
  author={Rottondi, Cristina and Verticale, Giacomo and Krauss, Christopher},
  journal={Selected Areas in Communications, IEEE Journal on},
  volume={31},
  number={7},
  pages={1342--1354},
  year={2013},
  publisher={IEEE}
}

@book{distortion,
  title={An integrated framework for database privacy protection},
  author={Chang, LiWu and Moskowitz, Ira S},
  year={2001},
  publisher={Springer}
}


@inproceedings{secret,
  title={How to generate and exchange secrets},
  author={Yao, Andrew},
  booktitle={Foundations of Computer Science, 1986., 27th Annual Symposium on},
  pages={162--167},
  year={1986},
  organization={IEEE}
}

@article{generalization,
  title={Achieving k-anonymity privacy protection using generalization and suppression},
  author={Sweeney, Latanya},
  journal={International Journal of Uncertainty, Fuzziness and Knowledge-Based Systems},
  volume={10},
  number={05},
  pages={571--588},
  year={2002},
  publisher={World Scientific}
}

@incollection{dwork1,
  title={Differential privacy},
  author={Dwork, Cynthia},
  booktitle={Encyclopedia of Cryptography and Security},
  pages={338--340},
  year={2011},
  publisher={Springer}
}

@incollection{dwork2,
  title={Differential privacy: A survey of results},
  author={Dwork, Cynthia},
  booktitle={Theory and applications of models of computation},
  pages={1--19},
  year={2008},
  publisher={Springer}
}

@incollection{Dwork-Calibrating,
  title={Calibrating noise to sensitivity in private data analysis},
  author={Dwork, Cynthia and McSherry, Frank and Nissim, Kobbi and Smith, Adam},
  booktitle={Theory of cryptography},
  pages={265--284},
  year={2006},
  publisher={Springer}
}

@inproceedings{2007mechanism,
  title={Mechanism design via differential privacy},
  author={McSherry, Frank and Talwar, Kunal},
  booktitle={Foundations of Computer Science, 2007. FOCS'07. 48th Annual IEEE Symposium on},
  pages={94--103},
  year={2007},
  organization={IEEE}
}

@article{interactive,
  title={Low-rank mechanism: Optimizing batch queries under differential privacy},
  author={Yuan, Ganzhao and Zhang, Zhenjie and Winslett, Marianne and Xiao, Xiaokui and Yang, Yin and Hao, Zhifeng},
  journal={Proceedings of the VLDB Endowment},
  volume={5},
  number={11},
  pages={1352--1363},
  year={2012},
  publisher={VLDB Endowment}
}

@article{non-interactive,
  title={A learning theory approach to noninteractive database privacy},
  author={Blum, Avrim and Ligett, Katrina and Roth, Aaron},
  journal={Journal of the ACM (JACM)},
  volume={60},
  number={2},
  pages={12},
  year={2013},
  publisher={ACM}
}

@article{k-anonymity,
  title={k-anonymity: A model for protecting privacy},
  author={Sweeney, Latanya},
  journal={International Journal of Uncertainty, Fuzziness and Knowledge-Based Systems},
  volume={10},
  number={05},
  pages={557--570},
  year={2002},
  publisher={World Scientific}
}

@article{dom,
  title={隐私保护中 K-匿名模型的综述},
  author={岑婷婷 and 韩建民 and 王基一 and 李细雨},
  journal={计算机工程与应用},
  volume={44},
  number={4},
  pages={130--134},
  year={2008}
}

@article{decision-tree,
  title={Induction of decision trees},
  author={Quinlan, J. Ross},
  journal={Machine learning},
  volume={1},
  number={1},
  pages={81--106},
  year={1986},
  publisher={Springer}
}

@book{c45,
  title={C4. 5: programs for machine learning},
  author={Quinlan, J Ross},
  year={2014},
  publisher={Elsevier}
}

@book{cart,
  title={Classification and regression trees},
  author={Breiman, Leo and Friedman, Jerome and Stone, Charles J and Olshen, Richard A},
  year={1984},
  publisher={CRC press}
}

@inproceedings{compounding-attack,
  title={Composition attacks and auxiliary information in data privacy},
  author={Ganta, Srivatsava Ranjit and Kasiviswanathan, Shiva Prasad and Smith, Adam},
  booktitle={Proceedings of the 14th ACM SIGKDD international conference on Knowledge discovery and data mining},
  pages={265--273},
  year={2008},
  organization={ACM}
}

@article{background-attack,
  title={Can the utility of anonymized data be used for privacy breaches?},
  author={Wong, Raymond Chi-Wing and Fu, Ada Wai-Chee and Wang, Ke and Yu, Philip S and Pei, Jian},
  journal={ACM Transactions on Knowledge Discovery from Data (TKDD)},
  volume={5},
  number={3},
  pages={16},
  year={2011},
  publisher={ACM}
}

@inproceedings{information-loss,
  title={Utility-based anonymization using local recoding},
  author={Xu, Jian and Wang, Wei and Pei, Jian and Wang, Xiaoyuan and Shi, Baile and Fu, Ada Wai-Chee},
  booktitle={Proceedings of the 12th ACM SIGKDD international conference on Knowledge discovery and data mining},
  pages={785--790},
  year={2006},
  organization={ACM}
}

@inproceedings{anonymity-np,
  title={On the complexity of optimal k-anonymity},
  author={Meyerson, Adam and Williams, Ryan},
  booktitle={Proceedings of the twenty-third ACM SIGMOD-SIGACT-SIGART symposium on Principles of database systems},
  pages={223--228},
  year={2004},
  organization={ACM}
}

@inproceedings{bottom-up-generalization,
  title={Bottom-up generalization: A data mining solution to privacy protection},
  author={Wang, Ke and Yu, Philip S and Chakraborty, Sourav},
  booktitle={Data Mining, 2004. ICDM'04. Fourth IEEE International Conference on},
  pages={249--256},
  year={2004},
  organization={IEEE}
}

@inproceedings{top-down-specialization,
  title={Top-down specialization for information and privacy preservation},
  author={Fung, Benjamin and Wang, Ke and Yu, Philip S},
  booktitle={Data Engineering, 2005. ICDE 2005. Proceedings. 21st International Conference on},
  pages={205--216},
  year={2005},
  organization={IEEE}
}

@inproceedings{SuLQ,
  title={Practical privacy: the SuLQ framework},
  author={Blum, Avrim and Dwork, Cynthia and McSherry, Frank and Nissim, Kobbi},
  booktitle={Proceedings of the twenty-fourth ACM SIGMOD-SIGACT-SIGART symposium on Principles of database systems},
  pages={128--138},
  year={2005},
  organization={ACM}
}

@inproceedings{diffp-c4.5,
  title={Data mining with differential privacy},
  author={Friedman, Arik and Schuster, Assaf},
  booktitle={Proceedings of the 16th ACM SIGKDD international conference on Knowledge discovery and data mining},
  pages={493--502},
  year={2010},
  organization={ACM}
}

@inproceedings{exponential,
  title={Mechanism design via differential privacy},
  author={McSherry, Frank and Talwar, Kunal},
  booktitle={Foundations of Computer Science, 2007. FOCS'07. 48th Annual IEEE Symposium on},
  pages={94--103},
  year={2007},
  organization={IEEE}
}


@inproceedings{contingency,
  title={Accurate and efficient private release of datacubes and contingency tables},
  author={Yaroslavtsev, Grigory and Cormode, Graham and Procopiuc, Cecilia M and Srivastava, Divesh},
  booktitle={Data Engineering (ICDE), 2013 IEEE 29th International Conference on},
  pages={745--756},
  year={2013},
  organization={IEEE}
}

@article{dp-histogram,
  title={Differentially private histogram publication},
  author={Xu, Jia and Zhang, Zhenjie and Xiao, Xiaokui and Yang, Yin and Yu, Ge and Winslett, Marianne},
  journal={The VLDB Journal—The International Journal on Very Large Data Bases},
  volume={22},
  number={6},
  pages={797--822},
  year={2013},
  publisher={Springer-Verlag New York, Inc.}
}

@inproceedings{cube,
  title={Differentially private data cubes: optimizing noise sources and consistency},
  author={Ding, Bolin and Winslett, Marianne and Han, Jiawei and Li, Zhenhui},
  booktitle={Proceedings of the 2011 ACM SIGMOD International Conference on Management of data},
  pages={217--228},
  year={2011},
  organization={ACM}
}

@inproceedings{privacy-accuracy-consistency,
  title={Privacy, accuracy, and consistency too: a holistic solution to contingency table release},
  author={Barak, Boaz and Chaudhuri, Kamalika and Dwork, Cynthia and Kale, Satyen and McSherry, Frank and Talwar, Kunal},
  booktitle={Proceedings of the twenty-sixth ACM SIGMOD-SIGACT-SIGART symposium on Principles of database systems},
  pages={273--282},
  year={2007},
  organization={ACM}
}

@inproceedings{marginals,
  title={Privacy, accuracy, and consistency too: a holistic solution to contingency table release},
  author={Barak, Boaz and Chaudhuri, Kamalika and Dwork, Cynthia and Kale, Satyen and McSherry, Frank and Talwar, Kunal},
  booktitle={Proceedings of the twenty-sixth ACM SIGMOD-SIGACT-SIGART symposium on Principles of database systems},
  pages={273--282},
  year={2007},
  organization={ACM}
}

@inproceedings{privbayes,
  title={Privbayes: Private data release via bayesian networks},
  author={Zhang, Jun and Cormode, Graham and Procopiuc, Cecilia M and Srivastava, Divesh and Xiao, Xiaokui},
  booktitle={Proceedings of the 2014 ACM SIGMOD international conference on Management of data},
  pages={1423--1434},
  year={2014},
  organization={ACM}
}

@article{wavelet,
  title={Differential privacy via wavelet transforms},
  author={Xiao, Xiaokui and Wang, Guozhang and Gehrke, Johannes},
  journal={Knowledge and Data Engineering, IEEE Transactions on},
  volume={23},
  number={8},
  pages={1200--1214},
  year={2011},
  publisher={IEEE}
}

@article{boosting,
  title={Boosting the accuracy of differentially-private queries through consistency},
  author={Hay, Michael and Rastogi, Vibhor and Miklau, Gerome and Suciu, Dan},
  journal={CoRR, abs/0904.0942, April},
  year={2009}
}

@inproceedings{dp-combination,
  title={Privacy integrated queries: an extensible platform for privacy-preserving data analysis},
  author={McSherry, Frank D},
  booktitle={Proceedings of the 2009 ACM SIGMOD International Conference on Management of data},
  pages={19--30},
  year={2009},
  organization={ACM}
}

@article{adult,
  title={$\{$UCI$\}$ Repository of machine learning databases},
  author={Blake, Catherine and Merz, Christopher J},
  year={1998}
}

@inproceedings{DiffGen,
  title={Differentially private data release for data mining},
  author={Mohammed, Noman and Chen, Rui and Fung, Benjamin and Yu, Philip S},
  booktitle={Proceedings of the 17th ACM SIGKDD international conference on Knowledge discovery and data mining},
  pages={493--501},
  year={2011},
  organization={ACM}
}

@article{overfitting,
  title={The problem of overfitting},
  author={Hawkins, Douglas M},
  journal={Journal of chemical information and computer sciences},
  volume={44},
  number={1},
  pages={1--12},
  year={2004},
  publisher={ACS Publications}
}

@inproceedings{composition,
  title={Privacy integrated queries: an extensible platform for privacy-preserving data analysis},
  author={McSherry, Frank D},
  booktitle={Proceedings of the 2009 ACM SIGMOD International Conference on Management of data},
  pages={19--30},
  year={2009},
  organization={ACM}
}




@inproceedings{gauss_markov,
  title={Interactive privacy via the median mechanism},
  author={Roth, Aaron and Roughgarden, Tim},
  booktitle={Proceedings of the forty-second ACM symposium on Theory of computing},
  pages={765--774},
  year={2010},
  organization={ACM}
}

@inproceedings{sparse_data_summary,
  title={Differentially private summaries for sparse data},
  author={Cormode, Graham and Procopiuc, Cecilia and Srivastava, Divesh and Tran, Thanh TL},
  booktitle={Proceedings of the 15th International Conference on Database Theory},
  pages={299--311},
  year={2012},
  organization={ACM}
}

@article{sparse_data,
  title={Differentially private publication of sparse data},
  author={Cormode, Graham and Procopiuc, Magda and Srivastava, Divesh and Tran, Thanh TL},
  journal={arXiv preprint arXiv:1103.0825},
  year={2011}
}

@article{lagrange,
  title={Dynamic programming and Lagrange multipliers},
  author={Bellman, Richard},
  journal={Proceedings of the National Academy of Sciences of the United States of America},
  volume={42},
  number={10},
  pages={767},
  year={1956},
  publisher={National Academy of Sciences}
}
